<record><leader>00000cas a2200000 a 4500</leader><controlfield tag="001">51677303</controlfield><controlfield tag="007">hd afb016baca</controlfield><controlfield tag="007">hd bfb016baaa</controlfield><controlfield tag="007">hd bfb016baba</controlfield><controlfield tag="008">030219d18491851ohuwr nea     0    0eng c</controlfield><datafield ind1=" " ind2=" " tag="010"><subfield code="a">  2003221071</subfield></datafield><datafield ind1=" " ind2=" " tag="040"><subfield code="a">ATL</subfield><subfield code="b">eng</subfield><subfield code="c">ATL</subfield><subfield code="d">OCLCQ</subfield><subfield code="d">OCLCO</subfield></datafield><datafield ind1="1" ind2=" " tag="029"><subfield code="a">AU@</subfield><subfield code="b">000024455801</subfield></datafield><datafield ind1=" " ind2=" " tag="042"><subfield code="a">pcc</subfield></datafield><datafield ind1=" " ind2=" " tag="043"><subfield code="a">n-us-oh</subfield></datafield><datafield ind1="1" ind2="4" tag="050"><subfield code="a">BX7301</subfield></datafield><datafield ind1="0" ind2="4" tag="245"><subfield code="a">The Christian age, and Protestant unionist</subfield><subfield code="h">[microform].</subfield></datafield><datafield ind1="1" ind2="7" tag="246"><subfield code="a">Christian age and unionist</subfield></datafield><datafield ind1=" " ind2=" " tag="260"><subfield code="a">Cincinnati, Ohio :</subfield><subfield code="b">W.A. Scott &amp; Co.,</subfield><subfield code="c">1849-</subfield></datafield><datafield ind1=" " ind2=" " tag="300"><subfield code="a">v. ;</subfield><subfield code="c">60 cm.</subfield></datafield><datafield ind1=" " ind2=" " tag="310"><subfield code="a">Weekly</subfield></datafield><datafield ind1="0" ind2=" " tag="362"><subfield code="a">Vol. 5, no. 1 (Jan. 6, 1849)-</subfield></datafield><datafield ind1="1" ind2=" " tag="362"><subfield code="a">Ceased in Dec. 1851.</subfield></datafield><datafield ind1=" " ind2=" " tag="500"><subfield code="a">Publisher: G. Campbell &amp; Co., &lt;June 1849&gt;.</subfield></datafield><datafield ind1=" " ind2=" " tag="500"><subfield code="a">Published in Hygeia, Ohio, &lt;1850&gt;.</subfield></datafield><datafield ind1=" " ind2=" " tag="580"><subfield code="a">Formed by the union of: Christian age (Cincinnati, Ohio), and: Protestant unionist.</subfield></datafield><datafield ind1=" " ind2=" " tag="588"><subfield code="a">Latest issue consulted: Vol. 7, no. 47 (Nov. 20, 1851) = whole no. 359.</subfield></datafield><datafield ind1=" " ind2=" " tag="533"><subfield code="a">Microfilm.</subfield><subfield code="m">v.5-7 (1849-1851):[Lacks:v.5:no. 1-29,32-33,37-50,52;v.6:no. 1-4,17-18,22,37,41,45,51;v.7:no. 12,14,21-22,27,29,31-42,44-46,48-52. Damaged:v.6:no. 24,40]</subfield><subfield code="b">Chicago, Ill. :</subfield><subfield code="c">American Theological Library Association,</subfield><subfield code="d">1981.</subfield><subfield code="e">1 microfilm reel ; 35 mm.</subfield><subfield code="f">(ATLA serials preservation program ; ATLA film R0125A).</subfield><subfield code="n">Reel includes: Christian age (Cincinnati, Ohio : 1852); Christian age and the sower; and, Christian age (Cincinnati, Ohio : 1855).</subfield></datafield><datafield ind1="2" ind2="0" tag="610"><subfield code="a">Disciples of Christ</subfield><subfield code="v">Newspapers.</subfield></datafield><datafield ind1=" " ind2="0" tag="651"><subfield code="a">Cincinnati (Ohio)</subfield><subfield code="v">Newspapers.</subfield></datafield><datafield ind1=" " ind2="0" tag="651"><subfield code="a">Hygiea (Ohio)</subfield><subfield code="v">Newspapers.</subfield></datafield><datafield ind1=" " ind2=" " tag="752"><subfield code="a">United States</subfield><subfield code="b">Ohio</subfield><subfield code="c">Hamilton</subfield><subfield code="d">Cincinnati.</subfield></datafield><datafield ind1=" " ind2=" " tag="752"><subfield code="a">United States</subfield><subfield code="b">Ohio</subfield><subfield code="d">Hygeia.</subfield></datafield><datafield ind1="1" ind2=" " tag="776"><subfield code="c">Original</subfield><subfield code="w">(DLC)sn 87060137</subfield><subfield code="w">(OCoLC)15277333</subfield></datafield><datafield ind1="1" ind2="4" tag="780"><subfield code="t">Christian age (Cincinnati, Ohio : 1845)</subfield></datafield><datafield ind1="1" ind2="4" tag="780"><subfield code="t">Protestant unionist</subfield></datafield><datafield ind1="0" ind2="0" tag="785"><subfield code="t">Christian age (Cincinnati, Ohio : 1852)</subfield><subfield code="w">(DLC)  2003221072</subfield><subfield code="w">(OCoLC)51677566</subfield></datafield><datafield ind1=" " ind2="0" tag="830"><subfield code="a">ATLA serials preservation program ;</subfield><subfield code="v">ATLA film R0125A.</subfield></datafield></record>